<record xmlns:xsi="http://www.w3.org/2001/XMLSchema-instance" xmlns="http://www.loc.gov/MARC21/slim" xsi:schemaLocation="http://www.loc.gov/MARC21/slim http://www.loc.gov/standards/marcxml/schema/MARC21slim.xsd">

  <leader>00815nam a2200265Ia 4500</leader>
  <controlfield tag="008">160106b1997    uy ||||| |||| 00| | spa d</controlfield>
  <datafield tag="020" ind2=" " ind1=" ">
    <subfield code="a">9290880640</subfield>
  </datafield>
  <datafield ind1=" " tag="090" ind2=" ">
    <subfield code="a">09.01.02 </subfield>
    <subfield code="b">1641</subfield>
  </datafield>
  <datafield tag="110" ind2=" " ind1="2">
    <subfield code="a">Oficina Internacional del Trabajo</subfield>
    <subfield code="9">1240</subfield>
  </datafield>
  <datafield ind1="1" tag="245" ind2="0">
    <subfield code="a">Formación basada en competencia laboral: situación actual y perspectivas  / </subfield>
    <subfield code="c">Oficina Internacional del Trabajo</subfield>
  </datafield>
  <datafield ind1=" " tag="260" ind2=" ">
    <subfield code="a">Montevideo, UY : </subfield>
    <subfield code="b">Cinterfor, </subfield>
    <subfield code="c">1997</subfield>
  </datafield>
  <datafield ind1=" " tag="300" ind2=" ">
    <subfield code="a">262 páginas</subfield>
  </datafield>
  <datafield ind2="4" tag="650" ind1="1">
    <subfield code="a">COMPETENCIA</subfield>
    <subfield code="9">345</subfield>
  </datafield>
  <datafield ind1="1" tag="650" ind2="4">
    <subfield code="a">TRABAJO</subfield>
    <subfield code="9">886</subfield>
  </datafield>
  <datafield ind1="1" tag="650" ind2="4">
    <subfield code="a">APRENDIZAJE </subfield>
    <subfield code="9">387</subfield>
  </datafield>
  <datafield tag="650" ind2="4" ind1="1">
    <subfield code="a">EDUCACIÓN</subfield>
    <subfield code="9">1</subfield>
  </datafield>
  <datafield tag="650" ind2="4" ind1="1">
    <subfield code="a">FORMACIÓN PROFESIONAL</subfield>
    <subfield code="9">498</subfield>
  </datafield>
  <datafield tag="650" ind2="4" ind1="1">
    <subfield code="a">TRABAJADORES</subfield>
    <subfield code="9">933</subfield>
  </datafield>
  <datafield ind1=" " tag="651" ind2="4">
    <subfield code="a">REINO UNIDO</subfield>
    <subfield code="9">438</subfield>
  </datafield>
  <datafield ind1=" " ind2="4" tag="651">
    <subfield code="a">AUSTRALIA</subfield>
    <subfield code="9">1241</subfield>
  </datafield>
  <datafield ind1=" " tag="651" ind2="4">
    <subfield code="a">ESTADOS UNIDOS</subfield>
    <subfield code="9">372</subfield>
  </datafield>
  <datafield ind1=" " ind2="4" tag="651">
    <subfield code="a">MÉXICO</subfield>
    <subfield code="9">19</subfield>
  </datafield>
  <datafield ind1=" " tag="651" ind2="4">
    <subfield code="a">BRASIL</subfield>
    <subfield code="9">1242</subfield>
  </datafield>
  <datafield ind1=" " tag="942" ind2=" ">
    <subfield code="2">z</subfield>
    <subfield code="c">01</subfield>
  </datafield>
  <datafield ind1=" " ind2=" " tag="999">
    <subfield code="c">310</subfield>
    <subfield code="d">310</subfield>
  </datafield>
</record>